
%%%%%%%%%%%%%%%%%%%%%%%%%%%%%%%%%%%%%%%%%%%%%%%%%%%%%%%%%%%%%%%%%%%%%%%%

@article{weiss2016,
  title={The physiology and habitat of the last universal common ancestor},
  author={Weiss, Madeline C and Sousa, Filipa L and Mrnjavac, Natalia and Neukirchen, Sinje and Roettger, Mayo and Nelson-Sathi, Shijulal and Martin, William F},
  journal={Nature Microbiology},
  volume={1},
  pages={16116},
  year={2016},
  publisher={Nature Publishing Group}
}

@article{zeldovich2007,
	title = {Protein and DNA Sequence Determinants of Thermophilic Adaptation},
    volume = {3},
    number = {1},
    doi = {https://doi.org/10.1371/journal.pcbi.0030005},
    journal = {PLOS Computational biology},
    author = {Zeldovich, Konstantin B and Berezovsky, Igor N and Shakhnovich, Eugine I},
  	year = {2007},
    pages = {e5},
    }
    
@article{knight2001,
  title={Rewiring the keyboard: evolvability of the genetic code},
  author={Knight, Robin D and Freeland, Stephen J and Landweber, Laura F},
  journal={Nature Reviews. Genetics},
  volume={2},
  number={1},
  pages={49--58},
  year={2001},
  publisher={Nature Publishing Group}
}
    
@article{Woese1998,
	title = {The universal ancestor},
    volume = {95},
    number = {12},
    pages = {6854-9859},
    year = {1998},
    journal = {Proceedings of the National Academy of Sciences of the United States of America},
    author = {Carl Woese},
    }
    
@article{Doolittle2000,
	title = {The nature of the universal ancestor and the evolution of the proteome},
    volume = {10},
    pages = {355-358},
    year = {2000},
    journal = {Current opinion in Structural Biology},
    author = {Doolittle, Ford W}
    }
@article{Theobald2010,
	title = {A formal test of the theory of universal common ancestry},
    volume ={465},
    pages = {219-222},
    year = {2010},
    journal = {Nature},
    author = {Theobald, Douglas L}
    }
@book{darwin1880origin,
  title={On the origin of species by means of natural selection: or the preservation of favoured races in the struggle for life},
  author={Darwin, Charles},
  year={1880},
  publisher={John Murray, London}
}

@article{woese1990towards,
  title={Towards a natural system of organisms: proposal for the domains {A}rchaea, {B}acteria, and {E}ucarya.},
  author={Woese, Carl R and Kandler, Otto and Wheelis, Mark L},
  journal={Proceedings of the National Academy of Sciences},
  volume={87},
  number={12},
  pages={4576--4579},
  year={1990},
  publisher={National Acad Sciences}
}

@article{fox1977classification,
  title={Classification of methanogenic bacteria by 16S ribosomal {RNA} characterization},
  author={Fox, George E and Magrum, Linda J and Balch, William E and Wolfe, Ralph S and Woese, Carl R},
  journal={Proceedings of the National Academy of Sciences},
  volume={74},
  number={10},
  pages={4537--4541},
  year={1977},
  publisher={National Acad Sciences}
}

@article{williams2013archaeal,
  title={An archaeal origin of eukaryotes supports only two primary domains of life},
  author={Williams, Tom A and Foster, Peter G and Cox, Cymon J and Embley, T Martin},
  journal={Nature},
  volume={504},
  number={7479},
  pages={231--236},
  year={2013},
  publisher={Nature Research}
}

@article{gogarten2016luca,
  title={Is {LUCA} a thermophilic progenote?},
  author={Gogarten, Johann Peter and Deamer, David},
  journal={Nature Microbiology},
  volume={1},
  pages={16229},
  year={2016},
  publisher={Nature Publishing Group}
}

@article{watson1953molecular,
  title={Molecular {S}tructure of {N}ucleic {A}cids: {A} structure for {D}eoxyribose {N}ucleic {A}cid},
  author={Watson, James D and Crick, Francis HC},
  journal={Nature},
  volume={171},
  number={4356},
  pages={737--738},
  year={1953}
}

@article{stetter2006hyperthermophiles,
  title={Hyperthermophiles in the history of life},
  author={Stetter, Karl O},
  journal={Philosophical Transactions of the Royal Society of London B: Biological Sciences},
  volume={361},
  number={1474},
  pages={1837--1843},
  year={2006},
  publisher={The Royal Society}
}
@book{vinogradov1971hydrogen,
  title={Hydrogen Bonding},
  author={Vinogradov, Serge N and Linnell, Robert H},
  year={1971},
  publisher={Van Nostrand Reinhold, New York}
}

@article{galtier1997relationships,
  title={Relationships between genomic {G+C} content, {RNA} secondary structures, and optimal growth temperature in prokaryotes},
  author={Galtier, Nicolas and Lobry, JR},
  journal={Journal of Molecular Evolution},
  volume={44},
  number={6},
  pages={632--636},
  year={1997},
  publisher={Springer}
}    

@article{yakovchuk2006base,
  title={Base-stacking and base-pairing contributions into thermal stability of the {DNA} double helix},
  author={Yakovchuk, Peter and Protozanova, Ekaterina and Frank-Kamenetskii, Maxim D},
  journal={Nucleic Acids Research},
  volume={34},
  number={2},
  pages={564--574},
  year={2006},
  publisher={Oxford University Press}
}
@article{kreil2001identification,
  title={Identification of thermophilic species by the amino acid compositions deduced from their genomes},
  author={Kreil, David P and Ouzounis, Christos A},
  journal={Nucleic Acids Research},
  volume={29},
  number={7},
  pages={1608--1615},
  year={2001},
  publisher={Oxford University Press}
}
@article{saunders2003mechanisms,
  title={Mechanisms of thermal adaptation revealed from the genomes of the {A}ntarctic {A}rchaea {M}ethanogenium frigidum and {M}ethanococcoides burtonii},
  author={Saunders, Neil FW and Thomas, Torsten and Curmi, Paul MG and Mattick, John S and Kuczek, Elizabeth and Slade, Rob and Davis, John and Franzmann, Peter D and Boone, David and Rusterholtz, Karl and others},
  journal={Genome research},
  volume={13},
  number={7},
  pages={1580--1588},
  year={2003},
  publisher={Cold Spring Harbor Lab}
}
@article{hurst2001high,
  title={High guanine--cytosine content is not an adaptation to high temperature: a comparative analysis amongst prokaryotes},
  author={Hurst, Laurence D and Merchant, Alexa R},
  journal={Proceedings of the Royal Society of London B: Biological Sciences},
  volume={268},
  number={1466},
  pages={493--497},
  year={2001},
  publisher={The Royal Society}
}
@article{groussin2013branch,
  title={A branch-heterogeneous model of protein evolution for efficient inference of ancestral sequences},
  author={Groussin, M and Boussau, B and Gouy, M},
  journal={Systematic Biology},
  volume={62},
  number={4},
  pages={523--538},
  year={2013},
  publisher={Oxford University Press}
}
@article{groussin2013molecular,
  title={The molecular signal for the adaptation to cold temperature during early life on Earth},
  author={Groussin, Mathieu and Boussau, Bastien and Charles, Sandrine and Blanquart, Samuel and Gouy, Manolo},
  journal={Biology Letters},
  volume={9},
  number={5},
  pages={20130608},
  year={2013},
  publisher={The Royal Society}
}
@article{boussau2008parallel,
  title={Parallel adaptations to high temperatures in the {A}rchaean eon},
  author={Boussau, Bastien and Blanquart, Samuel and Necsulea, Anamaria and Lartillot, Nicolas and Gouy, Manolo},
  journal={Nature},
  volume={456},
  number={7224},
  pages={942--945},
  year={2008},
  publisher={Nature Publishing Group}
}
@article{o2015reference,
  title={Reference sequence ({R}efSeq) database at {NCBI}: current status, taxonomic expansion, and functional annotation},
  author={O'Leary, Nuala A and Wright, Mathew W and Brister, J Rodney and Ciufo, Stacy and Haddad, Diana and McVeigh, Rich and Rajput, Bhanu and Robbertse, Barbara and Smith-White, Brian and Ako-Adjei, Danso},
  journal={Nucleic Acids Research},
  volume={44},
  number={D1},
  pages={D733--D745},
  year={2015},
  publisher={Oxford University Press}
}
@article{altschul1997gapped,
  title={Gapped {BLAST} and {PSI-BLAST}: a new generation of protein database search programs},
  author={Altschul, Stephen F and Madden, Thomas L and Sch{\"a}ffer, Alejandro A and Zhang, Jinghui and Zhang, Zheng and Miller, Webb and Lipman, David J},
  journal={Nucleic Acids Research},
  volume={25},
  number={17},
  pages={3389--3402},
  year={1997},
  publisher={Oxford University Press}
}
@article{chapman2000biopython,
  title={Biopython: {P}ython tools for computational biology},
  author={Chapman, Brad and Chang, Jeffrey},
  journal={ACM Sigbio Newsletter},
  volume={20},
  number={2},
  pages={15--19},
  year={2000},
  publisher={ACM}
}
@article{walt2011numpy,
  title={The {N}um{P}y array: a structure for efficient numerical computation},
  author={Walt, St{\'e}fan van der and Colbert, S Chris and Varoquaux, Gael},
  journal={Computing in Science \& Engineering},
  volume={13},
  number={2},
  pages={22--30},
  year={2011},
  publisher={IEEE}
}
@inproceedings{mckinney2010data,
  title={Data structures for statistical computing in {P}ython},
  author={McKinney, Wes},
  booktitle={Proceedings of the 9th Python in Science Conference},
  volume={445},
  pages={51--56},
  year={2010},
  organization={SciPy Austin, TX}
}
@article{sohngen2013bacdive,
  title={Bac{D}ive—the {B}acterial {D}iversity {M}etadatabase},
  author={S{\"o}hngen, Carola and Bunk, Boyke and Podstawka, Adam and Gleim, Dorothea and Overmann, J{\"o}rg},
  journal={Nucleic Acids Research},
  volume={42},
  number={D1},
  pages={D592--D599},
  year={2013},
  publisher={Oxford University Press}
}@article{hunter2007matplotlib,
  title={Matplotlib: {A} 2{D} graphics environment},
  author={Hunter, John D},
  journal={Computing in Science \& Engineering},
  volume={9},
  number={3},
  pages={90--95},
  year={2007},
  publisher={IEEE}
}@article{uniprot2014uniprot,
  title={Uni{P}rot: a hub for protein information},
  author={UniProt Consortium and others},
  journal={Nucleic acids research},
  pages={gku989},
  year={2014},
  publisher={Oxford Univ Press}
}
@article{le2008improved,
  title={An improved general amino acid replacement matrix},
  author={Le, Si Quang and Gascuel, Olivier},
  journal={Molecular Biology and Evolution},
  volume={25},
  number={7},
  pages={1307--1320},
  year={2008},
  publisher={Oxford University Press}
}
@article{yang1994maximum,
  title={Maximum likelihood phylogenetic estimation from {DNA} sequences with variable rates over sites: approximate methods},
  author={Yang, Ziheng},
  journal={Journal of Molecular Evolution},
  volume={39},
  number={3},
  pages={306--314},
  year={1994},
  publisher={Springer}
}

}
@article{lartillot2004bayesian,
  title={A {B}ayesian mixture model for across-site heterogeneities in the amino-acid replacement process},
  author={Lartillot, Nicolas and Philippe, Herv{\'e}},
  journal={Molecular Biology and Evolution},
  volume={21},
  number={6},
  pages={1095--1109},
  year={2004},
  publisher={Oxford University Press}
}@article{si2008empirical,
  title={Empirical profile mixture models for phylogenetic reconstruction},
  author={Si Quang, Le and Gascuel, Olivier and Lartillot, Nicolas},
  journal={Bioinformatics},
  volume={24},
  number={20},
  pages={2317--2323},
  year={2008},
  publisher={Oxford University Press}
}
@article{koonin2003comparative,
  title={Comparative genomics, minimal gene-sets and the last universal common ancestor},
  author={Koonin, Eugene V},
  journal={Nature Reviews. Microbiology},
  volume={1},
  number={2},
  pages={127},
  year={2003},
  publisher={Nature Publishing Group}
}@article{di2003universal,
  title={The universal ancestor was a thermophile or a hyperthermophile: tests and further evidence},
  author={Di Giulio, Massimo},
  journal={Journal of Theoretical Biology},
  volume={221},
  number={3},
  pages={425--436},
  year={2003},
  publisher={Elsevier}
}@article{penny1999nature,
  title={The nature of the last universal common ancestor},
  author={Penny, David and Poole, Anthony},
  journal={Current Opinion in Genetics \& Development},
  volume={9},
  number={6},
  pages={672--677},
  year={1999},
  publisher={Elsevier}
}@article{gueguen2013bio++,
  title={Bio++: efficient extensible libraries and tools for computational molecular evolution},
  author={Gu{\'e}guen, Laurent and Gaillard, Sylvain and Boussau, Bastien and Gouy, Manolo and Groussin, Mathieu and Rochette, Nicolas C and Bigot, Thomas and Fournier, David and Pouyet, Fanny and Cahais, Vincent and others},
  journal={Molecular Biology and Evolution},
  volume={30},
  number={8},
  pages={1745--1750},
  year={2013},
  publisher={Oxford University Press}
}
@article {vina2002biochemical,
author={Vi{\~n}a, Jos{\'e}},
title = {Biochemical adaptation: {M}echanism and process in physiological evolution},
journal = {Biochemistry and Molecular Biology Education},
volume = {30},
number = {3},
publisher = {John Wiley & Sons Inc.},
issn = {1539-3429},
pages = {215--216},
year = {2002},
}

@article{mcfall1990comparative,
  title={A comparative study of the thermal stability of the vertebrate eye lens: {A}ntarctic ice fish to the desert iguana},
  author={McFall-Ngai, MJ and Horwitz, J},
  journal={Experimental Eye Research},
  volume={50},
  number={6},
  pages={703--709},
  year={1990},
  publisher={Elsevier}
}
@article{gromiha1999important,
  title={Important amino acid properties for enhanced thermostability from mesophilic to thermophilic proteins},
  author={Gromiha, M Michael and Oobatake, Motohisa and Sarai, Akinori},
  journal={Biophysical Chemistry},
  volume={82},
  number={1},
  pages={51--67},
  year={1999},
  publisher={Elsevier}
}
@article{saelensminde2009amino,
  title={Amino acid contacts in proteins adapted to different temperatures: hydrophobic interactions and surface charges play a key role},
  author={S{\ae}lensminde, Gisle and Halskau, {\O}yvind and Jonassen, Inge},
  journal={Extremophiles},
  volume={13},
  number={1},
  pages={11},
  year={2009},
  publisher={Springer}
}
@article{saelensminde2007structure,
  title={Structure-dependent relationships between growth temperature of prokaryotes and the amino acid frequency in their proteins},
  author={S{\ae}lensminde, Gisle and Halskau, {\O}yvind and Helland, Ronny and Willassen, Nils-Peder and Jonassen, Inge},
  journal={Extremophiles},
  volume={11},
  number={4},
  pages={585--596},
  year={2007},
  publisher={Springer}
}
@article{paul2008molecular,
  title={Molecular signature of hypersaline adaptation: insights from genome and proteome composition of halophilic prokaryotes},
  author={Paul, Sandip and Bag, Sumit K and Das, Sabyasachi and Harvill, Eric T and Dutta, Chitra},
  journal={Genome Biology},
  volume={9},
  number={4},
  pages={R70},
  year={2008},
  publisher={BioMed Central}
}
@article{dutta2010analysis,
  title={Analysis of t{RNA} composition and folding in psychrophilic, mesophilic and thermophilic genomes: indications for thermal adaptation},
  author={Dutta, Avirup and Chaudhuri, Keya},
  journal={FEMS Microbiology letters},
  volume={305},
  number={2},
  pages={100--108},
  year={2010},
  publisher={Blackwell Publishing Ltd Oxford, UK}
}
@article{fukuchi2001protein,
  title={Protein surface amino acid compositions distinctively differ between thermophilic and mesophilic bacteria},
  author={Fukuchi, Satoshi and Nishikawa, Ken},
  journal={Journal of Molecular Biology},
  volume={309},
  number={4},
  pages={835--843},
  year={2001},
  publisher={Elsevier}
}
@article{nakashima2003compositional,
  title={Compositional changes in {RNA}, {DNA} and proteins for bacterial adaptation to higher and lower temperatures},
  author={Nakashima, Hiroshi and Fukuchi, Satoshi and Nishikawa, Ken},
  journal={Journal of Biochemistry},
  volume={133},
  number={4},
  pages={507--513},
  year={2003},
  publisher={Oxford University Press}
}
@article{follmann2009darwin,
  title={Darwin’s warm little pond revisited: from molecules to the origin of life},
  author={Follmann, Hartmut and Brownson, Carol},
  journal={Naturwissenschaften},
  volume={96},
  number={11},
  pages={1265--1292},
  year={2009},
  publisher={Springer}
}
@article{mulkidjanian2012origin,
  title={Origin of first cells at terrestrial, anoxic geothermal fields},
  author={Mulkidjanian, Armen Y and Bychkov, Andrew Yu and Dibrova, Daria V and Galperin, Michael Y and Koonin, Eugene V},
  journal={Proceedings of the National Academy of Sciences},
  volume={109},
  number={14},
  pages={E821--E830},
  year={2012},
  publisher={National Acad Sciences}
}
@article{ricardo2004borate,
  title={Borate minerals stabilize ribose},
  author={Ricardo, A and Carrigan, MA and Olcott, AN and Benner, SA},
  journal={Science},
  volume={303},
  number={5655},
  pages={196--196},
  year={2004},
  publisher={American Association for the Advancement of Science}
}
@article{grew2011borate,
  title={Borate minerals and origin of the {RNA} world},
  author={Grew, Edward S and Bada, Jeffrey L and Hazen, Robert M},
  journal={Origins of Life and Evolution of Biospheres},
  volume={41},
  number={4},
  pages={307--316},
  year={2011},
  publisher={Springer}
}
@article{martin2008hydrothermal,
  title={Hydrothermal vents and the origin of life},
  author={Martin, William and Baross, John and Kelley, Deborah and Russell, Michael J},
  journal={Nature Reviews. Microbiology},
  volume={6},
  number={11},
  pages={805},
  year={2008},
  publisher={Nature Publishing Group}
}
@article{baross1985submarine,
  title={Submarine hydrothermal vents and associated gradient environments as sites for the origin and evolution of life},
  author={Baross, John A and Hoffman, Sarah E},
  journal={Origins of Life and Evolution of Biospheres},
  volume={15},
  number={4},
  pages={327--345},
  year={1985},
  publisher={Springer}
}
@article{lane2010did,
  title={How did {LUCA} make a living? {C}hemiosmosis in the origin of life},
  author={Lane, Nick and Allen, John F and Martin, William},
  journal={BioEssays},
  volume={32},
  number={4},
  pages={271--280},
  year={2010},
  publisher={Wiley Online Library}
}
@article{dodd2017evidence,
  title={Evidence for early life in Earth’s oldest hydrothermal vent precipitates},
  author={Dodd, Matthew S and Papineau, Dominic and Grenne, Tor and Slack, John F and Rittner, Martin and Pirajno, Franco and O’Neil, Jonathan and Little, Crispin TS},
  journal={Nature},
  volume={543},
  number={7643},
  pages={60--64},
  year={2017},
  publisher={Nature Research}
}
@article{bell2015potentially,
  title={Potentially biogenic carbon preserved in a 4.1 billion-year-old zircon},
  author={Bell, Elizabeth A and Boehnke, Patrick and Harrison, T Mark and Mao, Wendy L},
  journal={Proceedings of the National Academy of Sciences},
  volume={112},
  number={47},
  pages={14518--14521},
  year={2015},
  publisher={National Acad Sciences}
}
@article{huber1998peptides,
  title={Peptides by activation of amino acids with {CO} on {(Ni, Fe) S} surfaces: implications for the origin of life},
  author={Huber, Claudia and W{\"a}chtersh{\"a}user, G{\"u}nter},
  journal={Science},
  volume={281},
  number={5377},
  pages={670--672},
  year={1998},
  publisher={American Association for the Advancement of Science}
}
@article{Schwartzman2004hyperthermophilic,
	author = {Schwartzman, D.W. and Lineweaver, C.H.},
	title = {The hyperthermophilic origin of life revisited},
	volume = {32},
	number = {2},
	pages = {168--171},
	year = {2004},
	doi = {10.1042/bst0320168},
	publisher = {Portland Press Limited},
	issn = {0300-5127},
	journal = {Biochemical Society Transactions}
}

@article{woese1987bacterial,
  title={Bacterial evolution},
  author={Woese, Carl R},
  journal={Microbiological Reviews},
  volume={51},
  number={2},
  pages={221},
  year={1987},
  publisher={American Society for Microbiology (ASM)}
}
@article{pace1997molecular,
  title={A molecular view of microbial diversity and the biosphere},
  author={Pace, Norman R},
  journal={Science},
  volume={276},
  number={5313},
  pages={734--740},
  year={1997},
  publisher={American Association for the Advancement of Science}
}
@article{galtier1999nonhyperthermophilic,
  title={A nonhyperthermophilic common ancestor to extant life forms},
  author={Galtier, Nicolas and Tourasse, Nicolas and Gouy, Manolo},
  journal={Science},
  volume={283},
  number={5399},
  pages={220--221},
  year={1999},
  publisher={American Association for the Advancement of Science}
}
@article{makarova2002dna,
  title={A {DNA} repair system specific for thermophilic {A}rchaea and bacteria predicted by genomic context analysis},
  author={Makarova, Kira S and Aravind, L and Grishin, Nick V and Rogozin, Igor B and Koonin, Eugene V},
  journal={Nucleic acids research},
  volume={30},
  number={2},
  pages={482--496},
  year={2002},
  publisher={Oxford University Press}
}
@article{miyazaki2001ancestral,
  title={Ancestral residues stabilizing 3-isopropylmalate dehydrogenase of an extreme thermophile: experimental evidence supporting the thermophilic common ancestor hypothesis},
  author={Miyazaki, Junichi and Nakaya, Shuichi and Suzuki, Toshiharu and Tamakoshi, Masatada and Oshima, Tairo and Yamagishi, Akihiko},
  journal={The Journal of Biochemistry},
  volume={129},
  number={5},
  pages={777--782},
  year={2001},
  publisher={Oxford University Press}
}
@article{miller1995origin,
  title={The origin of life—-did it occur at high temperatures?},
  author={Miller, Stanley L and Lazcano, Antonio},
  journal={Journal of Molecular Evolution},
  volume={41},
  number={6},
  pages={689--692},
  year={1995},
  publisher={Springer}
}
@article{attwater2013ice,
  title={In-ice evolution of {RNA} polymerase ribozyme activity},
  author={Attwater, James and Wochner, Aniela and Holliger, Philipp},
  journal={Nature Chemistry},
  volume={5},
  number={12},
  pages={1011--1018},
  year={2013},
  publisher={Nature Research}
}
@article{miyakawa2002cold,
  title={The cold origin of life: {A.} {I}mplications based on the hydrolytic stabilities of hydrogen cyanide and formamide},
  author={Miyakawa, Shin and Cleaves, H James and Miller, Stanley L},
  journal={Origins of Life and Evolution of the Biosphere},
  volume={32},
  number={3},
  pages={195--208},
  year={2002},
  publisher={Springer}
}
@article{martin2003origins,
  title={On the origins of cells: a hypothesis for the evolutionary transitions from abiotic geochemistry to chemoautotrophic prokaryotes, and from prokaryotes to nucleated cells},
  author={Martin, William and Russell, Michael J},
  journal={Philosophical Transactions of the Royal Society of London B: Biological Sciences},
  volume={358},
  number={1429},
  pages={59--85},
  year={2003},
  publisher={The Royal Society}
}
@article{moulton2000rna,
  title={{RNA} folding argues against a hot-start origin of life},
  author={Moulton, Vincent and Gardner, Paul P and Pointon, Robert F and Creamer, Lawrence K and Jameson, Geoffrey B and Penny, David},
  journal={Journal of Molecular Evolution},
  volume={51},
  number={4},
  pages={416--421},
  year={2000},
  publisher={Springer}
}

@article{jayaswal2011reducing,
  title={Reducing model complexity of the general Markov model of evolution},
  author={Jayaswal, Vivek and Ababneh, Faisal and Jermiin, Lars S and Robinson, John},
  journal={Molecular Biology and Evolution},
  volume={28},
  number={11},
  pages={3045--3059},
  year={2011},
  publisher={Oxford University Press}
}
@article{dutheil2008non,
  title={Non-homogeneous models of sequence evolution in the {B}io++ suite of libraries and programs},
  author={Dutheil, Julien and Boussau, Bastien},
  journal={BMC Evolutionary Biology},
  volume={8},
  number={1},
  pages={255},
  year={2008},
  publisher={BioMed Central}
}
@article{galtier1998inferring,
  title={Inferring pattern and process: {M}aximum-likelihood implementation of a nonhomogeneous model of {DNA} sequence evolution for phylogenetic analysis.},
  author={Galtier, Nicolas and Gouy, Manolo},
  journal={Molecular Biology and Evolution},
  volume={15},
  number={7},
  pages={871--879},
  year={1998}
}

@article{yang2000phylogenetic,
author = {Yang, Ziheng},
title = {{PAML} 4: {P}hylogenetic {A}nalysis by {M}aximum {L}ikelihood},
journal = {Molecular Biology and Evolution},
volume = {24},
number = {8},
pages = {1586-1591},
year = {2007},
doi = {10.1093/molbev/msm088}

}

@article{sojo2014bioenergetic,
  title={A {B}ioenergetic {B}asis for {M}embrane {D}ivergence in {A}rchaea and {B}acteria},
  author={Sojo, V{\'\i}ctor and Pomiankowski, Andrew and Lane, Nick},
  journal={PLoS Biology},
  volume={12},
  number={8},
  pages={e1001926},
  year={2014},
  publisher={Public Library of Science}
}

@article{wang2017modeling,
  title={Modeling {S}ite {H}eterogeneity with {P}osterior {M}ean {S}ite {F}requency {P}rofiles {A}ccelerates {A}ccurate {P}hylogenomic {E}stimation},
  author={Wang, Huai-Chun and Minh, Bui Quang and Susko, Edward and Roger, Andrew J},
  journal={Systematic Biology},
  year={2017}
}

@article{foster2004modeling,
  title={Modeling compositional heterogeneity},
  author={Foster, Peter G},
  journal={Systematic Biology},
  volume={53},
  number={3},
  pages={485--495},
  year={2004},
  publisher={Society of Systematic Zoology}
}
@article{amo2002pyrobaculum,
  title={Pyrobaculum calidifontis sp. nov., a novel hyperthermophilic archaeon that grows in atmospheric air},
  author={Amo, Taku and Paje, Maria Luz F and Inagaki, Akiko and Ezaki, Satoshi and Atomi, Haruyuki and Imanaka, Tadayuki},
  journal={Archaea},
  volume={1},
  number={2},
  pages={113--121},
  year={2002},
  publisher={Hindawi Publishing Corporation}
}
@article{kashefi2003extending,
  title={Extending the upper temperature limit for life},
  author={Kashefi, Kazem and Lovley, Derek R},
  journal={Science},
  volume={301},
  number={5635},
  pages={934--934},
  year={2003},
  publisher={American Association for the Advancement of Science}
}
@article{koonin2014dispersed,
  title={The {D}ispersed {A}rchaeal {E}ukaryome and the {C}omplex {A}rchaeal {A}ncestor of {E}ukaryotes},
  author={Koonin, Eugene V and Yutin, Natalya},
  journal={Cold Spring Harbor Perspectives in Biology},
  volume={6},
  number={4},
  pages={a016188},
  year={2014},
  doi={10.1101},
  publisher={Cold Spring Harbor Lab}
}
@article{garrett2014backward,
  title={A backward view from 16S r{RNA} to archaea to the universal tree of life to progenotes: {R}eminiscences of {C}arl {W}oese},
  author={Garrett, Roger A},
  journal={RNA Biology},
  volume={11},
  number={3},
  pages={232--235},
  year={2014},
  publisher={Taylor \& Francis}
}
@article{di2017indefinable,
  title={The indefinable term ‘prokaryote’ and the polyphyletic origin of genes},
  author={Di Giulio, Massimo},
  journal={Journal of Genetics},
  volume={96},
  number={2},
  pages={393--397},
  year={2017},
  publisher={Springer}
}
@article{di2015non,
  title={The non-biological meaning of the term “{P}rokaryote” and its implications},
  author={Di Giulio, Massimo},
  journal={Journal of Molecular Evolution},
  volume={80},
  number={2},
  pages={98--101},
  year={2015},
  publisher={Springer}
}
@book{raven2016biology,
  title={Biology},
  author={Raven, Peter and Johnson, George and Losos, Jonathon and Mason, Kenneth and Singer, Susan},
  year={2016},
  publisher={McGraw Hill Education, New York},
  edition = {11},
  isbn = {978-1259188138}
}

@article{iwabe1989evolutionary,
  title={Evolutionary relationship of archaebacteria, eubacteria, and eukaryotes inferred from phylogenetic trees of duplicated genes},
  author={Iwabe, Naoyuki and Kuma, Kei-ichi and Hasegawa, Masami and Osawa, Syozo and Miyata, Takashi},
  journal={Proceedings of the National Academy of Sciences},
  volume={86},
  number={23},
  pages={9355--9359},
  year={1989},
  publisher={National Acad Sciences}
}
@article{gogarten1989evolution,
  title={Evolution of the vacuolar {H}+-{ATP}ase: implications for the origin of eukaryotes},
  author={Gogarten, Johann Peter and Kibak, Henrik and Dittrich, Peter and Taiz, Lincoln and Bowman, Emma Jean and Bowman, Barry J and Manolson, Morris F and Poole, Ronald J and Date, Takayasu and Oshima, Tairo},
  journal={Proceedings of the National Academy of Sciences},
  volume={86},
  number={17},
  pages={6661--6665},
  year={1989},
  publisher={National Acad Sciences}
}
@article{soltis2003applying,
  title={Applying the bootstrap in phylogeny reconstruction},
  author={Soltis, Pamela S and Soltis, Douglas E},
  journal={Statistical Science},
  volume={18},
  number={2},
  pages={256--267},
  year={2003},
  publisher={Institute of Mathematical Statistics}
}
@article{johns2004evolutionary,
  title={Evolutionary convergence in adaptation of proteins to temperature: {A}4-lactate dehydrogenases of Pacific damselfishes ({C}hromis spp.)},
  author={Johns, Glenn C and Somero, George N},
  journal={Molecular Biology and Evolution},
  volume={21},
  number={2},
  pages={314--320},
  year={2004},
  publisher={Oxford University Press}
}
@article{reed2013protein,
  title={Protein adaptations in archaeal extremophiles},
  author={Reed, Christopher J and Lewis, Hunter and Trejo, Eric and Winston, Vern and Evilia, Caryn},
  journal={Archaea},
  volume={2013},
  year={2013},
  publisher={Hindawi Publishing Corporation}
}
@article{lutz1993ecology,
  title={Ecology of deep-sea hydrothermal vent communities: A review},
  author={Lutz, Richard A and Kennish, Michael J},
  journal={Reviews of Geophysics},
  volume={31},
  number={3},
  pages={211--242},
  year={1993},
  publisher={Wiley Online Library}
}
@article{minic2006adaptation,
  title={Adaptation of organisms to extreme conditions of deep-sea hydrothermal vents},
  author={Minic, Zoran and Serre, Val{\'e}rie and Herv{\'e}, Guy},
  journal={Comptes Rendus Biologies},
  volume={329},
  number={7},
  pages={527--540},
  year={2006}
}